@conference{qureshi2009scalable,
  title={{Scalable high performance main memory system using phase-change memory technology}},
  author = {Qureshi, Moinuddin K. and Srinivasan, Vijayalakshmi and Rivers, Jude A.},
  booktitle={Proceedings of the 36th annual international symposium on Computer architecture},
  pages={24--33},
  year={2009},
  series={ISCA '09},
  organization={ACM}
}

@conference{lee2009architecting,
  title={{Architecting phase change memory as a scalable dram alternative}},
  author = {Lee, Benjamin C. and Ipek, Engin and Mutlu, Onur and Burger, Doug},
  booktitle = {Proceedings of the 36th annual international symposium on Computer architecture},
  series = {ISCA '09},
  year = {2009},
  pages = {2--13},
  organization={ACM}
}

@inproceedings{zhou2009durable,
  title={A durable and energy efficient main memory using phase change memory technology},
  author = {Zhou, Ping and Zhao, Bo and Yang, Jun and Zhang, Youtao},
  booktitle = {Proceedings of the 36th annual international symposium on Computer architecture},
  series = {ISCA '09},
  pages={14--23},
  year={2009},
  organization={ACM}
}

@inproceedings{schechter2010use,
  title={Use ECP, not ECC, for hard failures in resistive memories},
  author = {Schechter, Stuart and Loh, Gabriel H. and Straus, Karin and Burger, Doug},
  booktitle = {Proceedings of the 37th annual international symposium on Computer architecture},
  series = {ISCA '10},
  year = {2010},
  pages={141--152},
  organization={ACM}
}

@inproceedings{seong2010security,
  title={Security refresh: Prevent malicious wear-out and increase durability for phase-change memory with dynamically randomized address mapping},
  author = {Seong, Nak Hee and Woo, Dong Hyuk and Lee, Hsien-Hsin S.},
  booktitle = {Proceedings of the 37th annual international symposium on Computer architecture},
  series = {ISCA '10},
  year = {2010},
  pages={383--394},
  organization={ACM}
}

@inproceedings{qureshi2009enhancing,
  title={Enhancing lifetime and security of pcm-based main memory with start-gap wear leveling},
  author = {Qureshi, Moinuddin K. and Karidis, John and Franceschini, Michele and Srinivasan, Vijayalakshmi and Lastras, Luis and Abali, Bulent},
  booktitle = {Proceedings of the 42nd Annual IEEE/ACM International Symposium on Microarchitecture},
  series = {MICRO '42},
  year = {2009},
  pages={14--23},
  organization={ACM}
}

@conference{chen2011rethinking,
  title={{Rethinking Database Algorithms for Phase Change Memory}},
  author={Chen, S. and Gibbons, P.B. and Nath, S.},
  year={2011},
  organization={CIDR}
}

@Article{doller2009,
    title={{Phase change memory and its impacts on memory hierarchy}},
    author={E. Doller},
    url={{http://www.pdl.cmu.edu/SDI/2009/slides/Numonyx.pdf}},
    year={2009}
}

@inproceedings{hankins2003effect,
  title={Effect of node size on the performance of cache-conscious B+-trees},
  author = {Hankins, Richard A. and Patel, Jignesh M.},
  booktitle = {Proceedings of the 2003 ACM SIGMETRICS international conference on Measurement and modeling of computer systems},
  series = {SIGMETRICS '03},
  pages={283--294},
  year={2003},
  organization={ACM}
}

@article{raoux2008phase,
  title={Phase-change random access memory: A scalable technology},
  author={Raoux, S. and Burr, GW and Breitwisch, MJ and Rettner, CT and Chen, Y.C. and Shelby, RM and Salinga, M. and Krebs, D. and Chen, S.H. and Lung, H.L. and others},
  journal={IBM Journal of Research and Development},
  volume={52},
  number={4.5},
  pages={465--479},
  year={2008},
  publisher={IBM}
}

@inproceedings{bedeschi2008multi,
  title={A multi-level-cell bipolar-selected phase-change memory},
  author={Bedeschi, F. and Fackenthal, R. and Resta, C. and Donze, EM and Jagasivamani, M. and Buda, E. and Pellizzer, F. and Chow, D. and Cabrini, A. and Calvi, G.M.A. and others},
  booktitle={Solid-State Circuits Conference, 2008. ISSCC 2008. Digest of Technical Papers. IEEE International},
  pages={428--625},
  year={2008},
  organization={IEEE}
}

@inproceedings{ramos2011page,
  title={Page placement in hybrid memory systems},
  author = {Ramos, Luiz E. and Gorbatov, Eugene and Bianchini, Ricardo},
  booktitle = {Proceedings of the international conference on Supercomputing},
  series = {ICS '11},
  pages={85--95},
  year={2011},
  organization={ACM}
}

@article{li2010tree,
  title={Tree indexing on solid state drives},
  author = {Li, Yinan and He, Bingsheng and Yang, Robin Jun and Luo, Qiong and Yi, Ke},
  journal={Proceedings of the VLDB Endowment},
  volume    = {3},
  number    = {1},
  year      = {2010},
  pages     = {1195-1206}
}

@article{agrawal2009lazy,
  title={Lazy-adaptive tree: An optimized index structure for flash devices},
  author={Agrawal, D. and Ganesan, D. and Sitaraman, R. and Diao, Y. and Singh, S.},
  journal   = {PVLDB},
  volume    = {2},
  number    = {1},
  year      = {2009},
  pages     = {361-372}
}

@inproceedings{graefe2004write,
  author    = {Goetz Graefe},
  title     = {Write-Optimized B-Trees},
  booktitle = {Proceedings of the Thirtieth international conference on Very large data bases-Volume 30},
  year      = {2004},
  pages     = {672-683}
}

@article{wu2007efficient,
  title={An efficient B-tree layer implementation for flash-memory storage systems},
  author = {Wu, Chin-Hsien and Kuo, Tei-Wei and Chang, Li Ping},
  journal={ACM Transactions on Embedded Computing Systems (TECS)},
  volume={6},
  number={3},
  pages={19--es},
  year={2007},
  publisher={ACM}
}

@inproceedings{nath2007flashdb,
  title={FlashDB: dynamic self-tuning database for NAND flash},
  author = {Nath, Suman and Kansal, Aman},
  booktitle = {Proceedings of the 6th international conference on Information processing in sensor networks},
  series = {IPSN '07},
  pages={410--419},
  year={2007},
  organization={ACM}
}

@inproceedings{chen2002fractal,
  title={Fractal prefetching B+-trees: Optimizing both cache and disk performance},
  author = {Chen, Shimin and Gibbons, Phillip B. and Mowry, Todd C. and Valentin, Gary},
  booktitle = {Proceedings of the 2002 ACM SIGMOD international conference on Management of data},
  series = {SIGMOD '02},
  pages={157--168},
  year={2002},
  organization={ACM}
}

@article{o1996log,
  title={The log-structured merge-tree (LSM-tree)},
  author = {O'Neil, Patrick and Cheng, Edward and Gawlick, Dieter and O'Neil, Elizabeth},
  journal={Acta Informatica},
  volume={33},
  number={4},
  pages={351--385},
  year={1996},
  publisher={Springer}
}

@article{arge1995buffer,
  title={The Buffer Tree: A New Technique for Optimal I/O-Algorithms},
  author= {Lars Arge},
  journal={Algorithms and Data Structures},
  pages={334--345},
  year={1995},
  publisher={Springer}
}

@inproceedings{rosenblum1991design,
  title={The design and implementation of a log-structured file system},
  author = {Rosenblum, Mendel and Ousterhout, John K.},
  booktitle = {Proceedings of the thirteenth ACM symposium on Operating systems principles},
  series = {SOSP '91},
  year = {1991},
  pages={1--15},
  publisher={ACM}
}

@inproceedings{muller2003emerging,
  title={Emerging non-volatile memory technologies},
  author={Muller, G. and Nagel, N. and Pinnow, C.U. and Rohr, T.},
  booktitle={Proceedings of the 29th European Solid-State Circuits Conference},
  series = {ESSCIRC '03},
  pages={37--44},
  year={2003},
  organization={IEEE}
}

@inproceedings{DBLP:conf/vldb/MitraHW06,
  author    = {Soumyadeb Mitra and
               Windsor W. Hsu and
               Marianne Winslett},
  title     = {Trustworthy Keyword Search for Regulatory-Compliant Record
               Retention},
  booktitle = {Proceedings of the International Conference on Very Large Data Bases},
  year      = {2006},
  pages     = {1001-1012},
}

@inproceedings{DBLP:conf/aina/PeiLY07,
  author    = {Jian Pei and
               Man Ki Mag Lau and
               Philip S. Yu},
  title     = {TS-Trees: A Non-Alterable Search Tree Index for Trustworthy
               Databases on Write-Once-Read-Many (WORM) Storage},
  booktitle = {AINA},
  year      = {2007},
  pages     = {54-61},
}

@article{DBLP:journals/csur/Comer79,
  author    = {Douglas Comer},
  title     = {The Ubiquitous B-Tree},
  journal   = {ACM Comput. Surv.},
  volume    = {11},
  number    = {2},
  year      = {1979},
  pages     = {121-137}
}
@article{o1992thesb,
  title={TheSB-tree an index-sequential structure for high-performance sequential access},
  author={O'Neil, P.E.},
  journal={Acta Informatica},
  volume={29},
  number={3},
  pages={241--265},
  year={1992},
  publisher={Springer}
}
@article{hellerstein2000adaptive,
  title={Adaptive query processing: Technology in evolution},
  author={Hellerstein, J.M. and Franklin, M.J. and Chandrasekaran, S. and Deshpande, A. and Hildrum, K. and Madden, S. and Raman, V. and Shah, M.A.},
  journal={IEEE Data Engineering Bulletin},
  volume={23},
  number={2},
  pages={7--18},
  year={2000},
  publisher={Citeseer}
}
@INPROCEEDINGS{Pang93memory-adaptiveexternal,
    author = {Hweehwa Pang and Michael J. Carey and Miron Livny},
    title = {Memory-Adaptive External Sorting},
    booktitle = {19th International Conference on Very Large Data Bases},
    year = {1993},
    pages = {618--629},
    publisher = {Morgan Kaufmann}
}
@inproceedings{Pang:1993:PPH:170035.170051,
 author = {Pang, Hwee Hwa and Carey, Michael J. and Livny, Miron},
 title = {Partially preemptible hash joins},
 booktitle = {Proceedings of the 1993 ACM SIGMOD international conference on Management of data},
 series = {SIGMOD '93},
 year = {1993},
 isbn = {0-89791-592-5},
 location = {Washington, D.C., United States},
 pages = {59--68},
 numpages = {10},
 url = {http://doi.acm.org/10.1145/170035.170051},
 doi = {10.1145/170035.170051},
 acmid = {170051},
 publisher = {ACM},
 address = {New York, NY, USA},
}
@inproceedings{Haas:1999:RJO:304182.304208,
 author = {Haas, Peter J. and Hellerstein, Joseph M.},
 title = {Ripple joins for online aggregation},
 booktitle = {Proceedings of the 1999 ACM SIGMOD international conference on Management of data},
 series = {SIGMOD '99},
 year = {1999},
 isbn = {1-58113-084-8},
 location = {Philadelphia, Pennsylvania, United States},
 pages = {287--298},
 numpages = {12},
 url = {http://doi.acm.org/10.1145/304182.304208},
 doi = {10.1145/304182.304208},
 acmid = {304208},
 publisher = {ACM},
 address = {New York, NY, USA},
}
@article{urhan2000xjoin,
  title={XJoin: A Reactively-Scheduled Pipelined Join Operator{\'Y}},
  author={Urhan, T. and Franklin, M.J.},
  journal={Bulletin of the Technical Committee on},
  pages={27},
  year={2000}
}
@article{Raman:2000:ODR:765233.765239,
 author = {Raman, Vijayshankar and Raman, Bhaskaran and Hellerstein, Joseph M.},
 title = {Online dynamic reordering},
 journal = {The VLDB Journal},
 issue_date = {December 2000},
 volume = {9},
 number = {3},
 month = dec,
 year = {2000},
 issn = {1066-8888},
 pages = {247--260},
 numpages = {14},
 url = {http://dx.doi.org/10.1007/s007780000032},
 doi = {10.1007/s007780000032},
 acmid = {765239},
 publisher = {Springer-Verlag New York, Inc.},
 address = {Secaucus, NJ, USA},
 keywords = {Informix, Interactive data processing, Online reordering, User control},
}
@inproceedings{Zhang:1997:DMA:645923.671006,
 author = {Zhang, Weiye and Larson, Per-AAke},
 title = {Dynamic Memory Adjustment for External Mergesort},
 booktitle = {Proceedings of the 23rd International Conference on Very Large Data Bases},
 series = {VLDB '97},
 year = {1997},
 isbn = {1-55860-470-7},
 pages = {376--385},
 numpages = {10},
 url = {http://dl.acm.org/citation.cfm?id=645923.671006},
 acmid = {671006},
 publisher = {Morgan Kaufmann Publishers Inc.},
 address = {San Francisco, CA, USA},
}
@article{Kabra:1998:EMR:276305.276315,
 author = {Kabra, Navin and DeWitt, David J.},
 title = {Efficient mid-query re-optimization of sub-optimal query execution plans},
 booktitle={ACM SIGMOD Record},
 issue_date = {June 1998},
 volume = {27},
 number = {2},
 month = jun,
 year = {1998},
 issn = {0163-5808},
 pages = {106--117},
 numpages = {12},
 url = {http://doi.acm.org/10.1145/276305.276315},
 doi = {10.1145/276305.276315},
 acmid = {276315},
 publisher = {ACM},
 address = {New York, NY, USA},
}
@inproceedings{tsirogiannis2009query,
  title={Query processing techniques for solid state drives},
  author={Tsirogiannis, D. and Harizopoulos, S. and Shah, M.A. and Wiener, J.L. and Graefe, G.},
  booktitle={Proceedings of the 35th SIGMOD international conference on Management of data},
  pages={59--72},
  year={2009},
  organization={ACM}
}
@inproceedings{shah2008fast,
  title={Fast scans and joins using flash drives},
  author={Shah, M.A. and Harizopoulos, S. and Wiener, J.L. and Graefe, G.},
  booktitle={Proceedings of the 4th international workshop on Data management on new hardware},
  pages={17--24},
  year={2008},
  organization={ACM}
}
@inproceedings{Ailamaki:2001:WRC:645927.672367,
 author = {Ailamaki, Anastassia and DeWitt, David J. and Hill, Mark D. and Skounakis, Marios},
 title = {Weaving Relations for Cache Performance},
 booktitle = {Proceedings of the 27th International Conference on Very Large Data Bases},
 series = {VLDB '01},
 year = {2001},
 isbn = {1-55860-804-4},
 pages = {169--180},
 numpages = {12},
 url = {http://dl.acm.org/citation.cfm?id=645927.672367},
 acmid = {672367},
 publisher = {Morgan Kaufmann Publishers Inc.},
 address = {San Francisco, CA, USA},
}
@inproceedings{bausch2011performance,
  title={On The Performance Of Database Query Processing Algorithms On Flash Solid State Disks},
  author={Bausch, D. and Petrov, I. and Buchmann, A.},
  booktitle={Database and Expert Systems Applications (DEXA), 2011 22nd International Workshop on},
  pages={139--144},
  year={2011},
  organization={IEEE}
}
@techreport{murty2002histogram,
  title={Histogram, an Ancient Tool and the Art of Forecasting},
  author={Murty, K.G.},
  year={2002},
  institution={Citeseer}
}
@techreport{murty2000supply,
  title={Supply chain management in the computer industry},
  author={Murty, K.G.},
  year={2000},
  institution={Working Paper, University of Michigan Department of Industrial and Operations Engineering}
}
@inproceedings{Condit:2009:BIT:1629575.1629589,
 author = {Condit, Jeremy and Nightingale, Edmund B. and Frost, Christopher and Ipek, Engin and Lee, Benjamin and Burger, Doug and Coetzee, Derrick},
 title = {Better I/O through byte-addressable, persistent memory},
 booktitle = {Proceedings of the ACM SIGOPS 22nd symposium on Operating systems principles},
 series = {SOSP '09},
 year = {2009},
 isbn = {978-1-60558-752-3},
 location = {Big Sky, Montana, USA},
 pages = {133--146},
 numpages = {14},
 url = {http://doi.acm.org/10.1145/1629575.1629589},
 doi = {10.1145/1629575.1629589},
 acmid = {1629589},
 publisher = {ACM},
 address = {New York, NY, USA},
 keywords = {file systems, performance, phase change memory},
}
@article{wong2010phase,
  title={Phase change memory},
  author={Wong, H. and Raoux, S. and Kim, S.B. and Liang, J. and Reifenberg, J.P. and Rajendran, B. and Asheghi, M. and Goodson, K.E. and others},
  journal={Proceedings of the IEEE},
  volume={98},
  number={12},
  pages={2201--2227},
  year={2010},
  publisher={Institute of Electrical and Electronics Engineers, Inc., 345 E. 47 th St. NY NY 10017-2394 USA}
}
@book{ramakrishnan2003database,
  title={Database management systems},
  author={Ramakrishnan, R. and Gehrke, J. and Gehrke, J.},
  year={2003},
  publisher={McGraw-Hill}
}
@article{date1983introduction,
  title={An Introduction to Database Systems , Vol. IIAddison-Wesley},
  author={Date, CJ},
  journal={Reading, MA},
  year={1983}
}
